
@book{boyd2004convex,
  title={Convex optimization},
  author={Boyd, Stephen and Vandenberghe, Lieven},
  year={2004},
  publisher={Cambridge university press}
}
@inproceedings{yoshida2018safe,
 author = {Yoshida, Tomoki and Takeuchi, Ichiro and Karasuyama, Masayuki},
 title = {Safe Triplet Screening for Distance Metric Learning},
 booktitle = {Proceedings of the 24th ACM SIGKDD International Conference on Knowledge Discovery and Data Mining},
 year = {2018},
 pages = {2653--2662},
 numpages = {10},
} 